@article{warnick2018bayesian,
author = {Ryan Warnick and Michele Guindani and Erik Erhardt and Elena Allen and Vince Calhoun and Marina Vannucci},
title = {A {B}ayesian {A}pproach for {E}stimating {D}ynamic {F}unctional {N}etwork {C}onnectivity in f{MRI} {D}ata},
journal = {Journal of the American Statistical Association},
volume = {113},
number = {521},
pages = {134-151},
year  = {2018},
publisher = {Taylor & Francis},
doi = {10.1080/01621459.2017.1379404},
URL = {https://doi.org/10.1080/01621459.2017.1379404},
eprint = {https://doi.org/10.1080/01621459.2017.1379404}
}


@article{peterson2020bayesian,
author = {Peterson, Christine B. and Osborne, Nathan and Stingo, Francesco C. and Bourgeat, Pierrick and Doecke, James D. and Vannucci, Marina},
title = {Bayesian modeling of multiple structural connectivity networks during the progression of {A}lzheimer's disease},
journal = {Biometrics},
volume = {76},
number = {4},
pages = {1120-1132},
doi = {https://doi.org/10.1111/biom.13235},
url = {https://onlinelibrary.wiley.com/doi/abs/10.1111/biom.13235},
eprint = {https://onlinelibrary.wiley.com/doi/pdf/10.1111/biom.13235},
year = {2020}
}

@article{parker2009supervised,
  title={Supervised risk predictor of breast cancer based on intrinsic subtypes},
  author={Parker, Joel S and Mullins, Michael and Cheang, Maggie CU and Leung, Samuel and Voduc, David and Vickery, Tammi and Davies, Sherri and Fauron, Christiane and He, Xiaping and Hu, Zhiyuan and others},
  journal={Journal of clinical oncology},
  volume={27},
  number={8},
  pages={1160},
  year={2009},
  publisher={American Society of Clinical Oncology}
}


@article{scott2011social,
  title={Social network analysis: developments, advances, and prospects},
  author={Scott, John},
  journal={Social network analysis and mining},
  volume={1},
  number={1},
  pages={21--26},
  year={2011},
  publisher={Springer}
}

@article{bullmore2009complex,
  title={Complex brain networks: graph theoretical analysis of structural and functional systems},
  author={Bullmore, Ed and Sporns, Olaf},
  journal={Nature reviews neuroscience},
  volume={10},
  number={3},
  pages={186--198},
  year={2009},
  publisher={Nature Publishing Group}
}

@article{cheng2012prediction,
  title={Prediction of drug-target interactions and drug repositioning via network-based inference},
  author={Cheng, Feixiong and Liu, Chuang and Jiang, Jing and Lu, Weiqiang and Li, Weihua and Liu, Guixia and Zhou, Weixing and Huang, Jin and Tang, Yun},
  journal={PLoS computational biology},
  volume={8},
  number={5},
  pages={e1002503},
  year={2012},
  publisher={Public Library of Science San Francisco, USA}
}

@article{chen2013semi,
  title={A semi-supervised method for drug-target interaction prediction with consistency in networks},
  author={Chen, Hailin and Zhang, Zuping},
  journal={PloS one},
  volume={8},
  number={5},
  pages={e62975},
  year={2013},
  publisher={Public Library of Science San Francisco, USA}
}

@article{beaty2018robust,
  title={Robust prediction of individual creative ability from brain functional connectivity},
  author={Beaty, Roger E and Kenett, Yoed N and Christensen, Alexander P and Rosenberg, Monica D and Benedek, Mathias and Chen, Qunlin and Fink, Andreas and Qiu, Jiang and Kwapil, Thomas R and Kane, Michael J and others},
  journal={Proceedings of the National Academy of Sciences},
  volume={115},
  number={5},
  pages={1087--1092},
  year={2018},
  publisher={National Acad Sciences}
}

@article{liu2018neural,
  title={Neural and genetic determinants of creativity},
  author={Liu, Zhaowen and Zhang, Jie and Xie, Xiaohua and Rolls, Edmund T and Sun, Jiangzhou and Zhang, Kai and Jiao, Zeyu and Chen, Qunlin and Zhang, Junying and Qiu, Jiang and others},
  journal={Neuroimage},
  volume={174},
  pages={164--176},
  year={2018},
  publisher={Elsevier}
}


@article{zhang2020mixed,
  title={Mixed-effect time-varying network model and application in brain connectivity analysis},
  author={Zhang, Jingfei and Sun, Will Wei and Li, Lexin},
  journal={Journal of the American Statistical Association},
  volume={115},
  number={532},
  pages={2022--2036},
  year={2020},
  publisher={Taylor \& Francis}
}

@article{ashburn2004drug,
  title={Drug repositioning: identifying and developing new uses for existing drugs},
  author={Ashburn, Ted T and Thor, Karl B},
  journal={Nature reviews Drug discovery},
  volume={3},
  number={8},
  pages={673--683},
  year={2004},
  publisher={Nature Publishing Group}
}

@article{venkatesan2009empirical,
  title={An empirical framework for binary interactome mapping},
  author={Venkatesan, Kavitha and Rual, Jean-Francois and Vazquez, Alexei and Stelzl, Ulrich and Lemmens, Irma and Hirozane-Kishikawa, Tomoko and Hao, Tong and Zenkner, Martina and Xin, Xiaofeng and Goh, Kwang-Il and others},
  journal={Nature methods},
  volume={6},
  number={1},
  pages={83--90},
  year={2009},
  publisher={Nature Publishing Group}
}

@article{nepusz2012detecting,
  title={Detecting overlapping protein complexes in protein-protein interaction networks},
  author={Nepusz, Tam{\'a}s and Yu, Haiyuan and Paccanaro, Alberto},
  journal={Nature methods},
  volume={9},
  number={5},
  pages={471--472},
  year={2012},
  publisher={Nature Publishing Group}
}

@article{vidal2011interactome,
  title={Interactome networks and human disease},
  author={Vidal, Marc and Cusick, Michael E and Barab{\'a}si, Albert-L{\'a}szl{\'o}},
  journal={Cell},
  volume={144},
  number={6},
  pages={986--998},
  year={2011},
  publisher={Elsevier}
}

@article{yang2014gene,
  title={Gene co-expression network analysis reveals common system-level properties of prognostic genes across cancer types},
  author={Yang, Yang and Han, Leng and Yuan, Yuan and Li, Jun and Hei, Nainan and Liang, Han},
  journal={Nature communications},
  volume={5},
  number={1},
  pages={1--9},
  year={2014},
  publisher={Nature Publishing Group}
}

@article{tang2018prognostic,
  title={Prognostic genes of breast cancer identified by gene co-expression network analysis},
  author={Tang, Jianing and Kong, Deguang and Cui, Qiuxia and Wang, Kun and Zhang, Dan and Gong, Yan and Wu, Gaosong},
  journal={Frontiers in oncology},
  volume={8},
  pages={374},
  year={2018},
  publisher={Frontiers Media SA}
}

@article{niemira2019molecular,
  title={Molecular signature of subtypes of non-small-cell lung cancer by large-scale transcriptional profiling: identification of key modules and genes by weighted gene co-expression network analysis (WGCNA)},
  author={Niemira, Magdalena and Collin, Francois and Szalkowska, Anna and Bielska, Agnieszka and Chwialkowska, Karolina and Reszec, Joanna and Niklinski, Jacek and Kwasniewski, Miroslaw and Kretowski, Adam},
  journal={Cancers},
  volume={12},
  number={1},
  pages={37},
  year={2019},
  publisher={MDPI}
}

@article{ha2018personalized,
  title={Personalized integrated network modeling of the cancer proteome atlas},
  author={Ha, Min Jin and Banerjee, Sayantan and Akbani, Rehan and Liang, Han and Mills, Gordon B and Do, Kim-Anh and Baladandayuthapani, Veerabhadran},
  journal={Scientific reports},
  volume={8},
  number={1},
  pages={1--14},
  year={2018},
  publisher={Nature Publishing Group}
}

@article{pereira2020trans,
  title={A trans-eQTL network regulates osteoclast multinucleation and bone mass},
  author={Pereira, Marie and Ko, Jeong-Hun and Logan, John and Protheroe, Hayley and Kim, Kee-Beom and Tan, Amelia Li Min and Croucher, Peter I and Park, Kwon-Sik and Rotival, Maxime and Petretto, Enrico and others},
  journal={Elife},
  volume={9},
  year={2020},
  publisher={eLife Sciences Publications, Ltd}
}

@article{fagny2017exploring,
  title={Exploring regulation in tissues with eQTL networks},
  author={Fagny, Maud and Paulson, Joseph N and Kuijjer, Marieke L and Sonawane, Abhijeet R and Chen, Cho-Yi and Lopes-Ramos, Camila M and Glass, Kimberly and Quackenbush, John and Platig, John},
  journal={Proceedings of the National Academy of Sciences},
  volume={114},
  number={37},
  pages={E7841--E7850},
  year={2017},
  publisher={National Acad Sciences}
}

@book{lauritzen1996graphical,
  title={Graphical models},
  author={Lauritzen, Steffen L},
  volume={17},
  year={1996},
  publisher={Clarendon Press}
}

@article{castro2019elevated,
  title={Elevated neoantigen levels in tumors with somatic mutations in the {HLA}-{A}, {HLA}-{B}, {HLA}-{C} and {B}2{M} genes},
  author={Castro, Andrea and Ozturk, Kivilcim and Pyke, Rachel Marty and Xian, Su and Zanetti, Maurizio and Carter, Hannah},
  journal={BMC medical genomics},
  volume={12},
  number={6},
  pages={1--13},
  year={2019},
  publisher={Springer}
}

@article{li2020col3a1,
  title={{COL3A1}, {COL6A3}, and {SERPINH1} are related to glucocorticoid-induced osteoporosis occurrence according to integrated bioinformatics analysis},
  author={Li, Liuxun and Yang, Meiling and Jin, Anmin},
  journal={Medical Science Monitor: International Medical Journal of Experimental and Clinical Research},
  volume={26},
  pages={e925474--1},
  year={2020},
  publisher={International Scientific Information, Inc.}
}

@article{CHEN2020110069,
title = {The emerging role of {XBP}1 in cancer},
journal = {Biomedicine \& Pharmacotherapy},
volume = {127},
pages = {110069},
year = {2020},
issn = {0753-3322},
doi = {https://doi.org/10.1016/j.biopha.2020.110069},
url = {https://www.sciencedirect.com/science/article/pii/S0753332220302602},
author = {Shanshan Chen and Jing Chen and Xin Hua and Yue Sun and Rui Cui and Jun Sha and Xiaoli Zhu},
keywords = {X-box binding protein 1, Unfolded protein response, Inositol-requiring enzyme 1, Endoplasmic reticulum stress, Cancer}
}

@article{zhou2008time,
  title={Time varying undirected graphs},
  author={Zhou, Shuheng and Lafferty, John and Wasserman, Larry},
  journal={Machine Learning},
  volume={80},
  number={2},
  pages={295--319},
  year={2010},
  publisher={Springer}
}

@article{hawe2019inferring,
  title={Inferring interaction networks from multi-omics data},
  author={Hawe, Johann S and Theis, Fabian J and Heinig, Matthias},
  journal={Frontiers in genetics},
  volume={10},
  pages={535},
  year={2019},
  publisher={Frontiers Media SA}
}

@incollection{hartemink2000using,
  title={Using graphical models and genomic expression data to statistically validate models of genetic regulatory networks},
  author={Hartemink, Alexander J and Gifford, David K and Jaakkola, Tommi S and Young, Richard A},
  booktitle={Biocomputing 2001},
  pages={422--433},
  year={2000},
  publisher={World Scientific}
}

@article{joung2009identification,
  title={Identification of microRNA regulatory modules in Arabidopsis via a probabilistic graphical model},
  author={Joung, Je-Gun and Fei, Zhangjun},
  journal={Bioinformatics},
  volume={25},
  number={3},
  pages={387--393},
  year={2009},
  publisher={Oxford University Press}
}

@article{telesca2012modeling,
  title={Modeling protein expression and protein signaling pathways},
  author={Telesca, Donatello and M{\"u}ller, Peter and Kornblau, Steven M and Suchard, Marc A and Ji, Yuan},
  journal={Journal of the American Statistical Association},
  volume={107},
  number={500},
  pages={1372--1384},
  year={2012},
  publisher={Taylor \& Francis}
}

@article{giudici2016graphical,
  title={Graphical network models for international financial flows},
  author={Giudici, Paolo and Spelta, Alessandro},
  journal={Journal of Business \& Economic Statistics},
  volume={34},
  number={1},
  pages={128--138},
  year={2016},
  publisher={Taylor \& Francis}
}

@article{harris2016disconnection,
  title={Disconnection and hyper-connectivity underlie reorganization after TBI: a rodent functional connectomic analysis},
  author={Harris, NG and Verley, DR and Gutman, BA and Thompson, PM and Yeh, HJ and Brown, JA},
  journal={Experimental neurology},
  volume={277},
  pages={124--138},
  year={2016},
  publisher={Elsevier}
}

@article{dempster1972covariance,
  title={Covariance selection},
  author={Dempster, Arthur P},
  journal={Biometrics},
  pages={157--175},
  year={1972},
  publisher={JSTOR}
}

@article{meinshausen2006high,
  title={High-dimensional graphs and variable selection with the lasso},
  author={Meinshausen, Nicolai and B{\"u}hlmann, Peter},
  journal={The annals of statistics},
  volume={34},
  number={3},
  pages={1436--1462},
  year={2006},
  publisher={Institute of Mathematical Statistics}
}

@article{yuan2007model,
  title={Model selection and estimation in the Gaussian graphical model},
  author={Yuan, Ming and Lin, Yi},
  journal={Biometrika},
  volume={94},
  number={1},
  pages={19--35},
  year={2007},
  publisher={Oxford University Press}
}

@article{friedman2008sparse,
  title={Sparse inverse covariance estimation with the graphical lasso},
  author={Friedman, Jerome and Hastie, Trevor and Tibshirani, Robert},
  journal={Biostatistics},
  volume={9},
  number={3},
  pages={432--441},
  year={2008},
  publisher={Oxford University Press}
}

@article{dobra2011bayesian,
  title={Bayesian inference for general Gaussian graphical models with application to multivariate lattice data},
  author={Dobra, Adrian and Lenkoski, Alex and Rodriguez, Abel},
  journal={Journal of the American Statistical Association},
  volume={106},
  number={496},
  pages={1418--1433},
  year={2011},
  publisher={Taylor \& Francis}
}

@article{gan2019bayesian,
  title={Bayesian regularization for graphical models with unequal shrinkage},
  author={Gan, Lingrui and Narisetty, Naveen N and Liang, Feng},
  journal={Journal of the American Statistical Association},
  volume={114},
  number={527},
  pages={1218--1231},
  year={2019},
  publisher={Taylor \& Francis}
}

@article{guo2011joint,
  title={Joint estimation of multiple graphical models},
  author={Guo, Jian and Levina, Elizaveta and Michailidis, George and Zhu, Ji},
  journal={Biometrika},
  volume={98},
  number={1},
  pages={1--15},
  year={2011},
  publisher={Oxford University Press}
}

@article{yajima2012differential,
  title={Differential patterns of interaction and Gaussian graphical models},
  author={Yajima, Masanao and Telesca, Donatello and Ji, Yuan and Muller, Peter},
  year={2012},
  publisher={bepress}
}

@article{danaher2014joint,
  title={The joint graphical lasso for inverse covariance estimation across multiple classes},
  author={Danaher, Patrick and Wang, Pei and Witten, Daniela M},
  journal={Journal of the Royal Statistical Society: Series B (Statistical Methodology)},
  volume={76},
  number={2},
  pages={373--397},
  year={2014},
  publisher={Wiley Online Library}
}

@article{peterson2015bayesian,
  title={Bayesian inference of multiple Gaussian graphical models},
  author={Peterson, Christine and Stingo, Francesco C and Vannucci, Marina},
  journal={Journal of the American Statistical Association},
  volume={110},
  number={509},
  pages={159--174},
  year={2015},
  publisher={Taylor \& Francis}
}


@article{marusyk2010tumor,
  title={Tumor heterogeneity: causes and consequences},
  author={Marusyk, Andriy and Polyak, Kornelia},
  journal={Biochimica et Biophysica Acta (BBA)-Reviews on Cancer},
  volume={1805},
  number={1},
  pages={105--117},
  year={2010},
  publisher={Elsevier}
}



@article{narisetty2014bayesian,
  title={Bayesian variable selection with shrinking and diffusing priors},
  author={Narisetty, Naveen Naidu and He, Xuming},
  journal={The Annals of Statistics},
  volume={42},
  number={2},
  pages={789--817},
  year={2014},
  publisher={Institute of Mathematical Statistics}
}

@article{castillo2012needles,
  title={Needles and straw in a haystack: Posterior concentration for possibly sparse sequences},
  author={Castillo, Isma{\"e}l and van der Vaart, Aad},
  journal={The Annals of Statistics},
  volume={40},
  number={4},
  pages={2069--2101},
  year={2012},
  publisher={Institute of Mathematical Statistics}
}

@article{johnstone2004needles,
  title={Needles and straw in haystacks: Empirical Bayes estimates of possibly sparse sequences},
  author={Johnstone, Iain M and Silverman, Bernard W},
  journal={The Annals of Statistics},
  volume={32},
  number={4},
  pages={1594--1649},
  year={2004},
  publisher={Institute of Mathematical Statistics}
}

@inproceedings{Kolyan2020spike,
title = {Spike and slab variational Bayes for high dimensional logistic regression},
 author = {Ray, Kolyan and Szabo, Botond and Clara, Gabriel},
 booktitle = {Advances in Neural Information Processing Systems},
 pages = {14423--14434},
 volume = {33},
 year = {2020}
}

@article{peng2009partial,
  title={Partial correlation estimation by joint sparse regression models},
  author={Peng, Jie and Wang, Pei and Zhou, Nengfeng and Zhu, Ji},
  journal={Journal of the American Statistical Association},
  volume={104},
  number={486},
  pages={735--746},
  year={2009},
  publisher={Taylor \& Francis}
}


@article{attias2000speech,
  title={Speech denoising and dereverberation using probabilistic models},
  author={Attias, Hagai and Platt, John and Acero, Alex and Deng, Li},
  journal={Advances in neural information processing systems},
  volume={13},
  year={2000}
}


@article{wang2021bayesian,
  title={Bayesian Edge Regression in Undirected Graphical Models to Characterize Interpatient Heterogeneity in Cancer},
  author={Wang, Zeya and Baladandayuthapani, Veerabhadran and Kaseb, Ahmed O and Amin, Hesham M and Hassan, Manal M and Wang, Wenyi and Morris, Jeffrey S},
  journal={Journal of the American Statistical Association},
  number={just-accepted},
  pages={1--31},
  year={2021},
  publisher={Taylor \& Francis}
}

@article{ray2020efficient,
  title={Efficient Bayesian shape-restricted function estimation with constrained Gaussian process priors},
  author={Ray, Pallavi and Pati, Debdeep and Bhattacharya, Anirban},
  journal={Statistics and Computing},
  volume={30},
  number={4},
  pages={839--853},
  year={2020},
  publisher={Springer}
}

@article{souris2018soft,
  title={The Soft Multivariate Truncated Normal Distribution with Applications to Bayesian Constrained Estimation},
  author={Souris, Allyson and Bhattacharya, Anirban and Pati, Debdeep},
  journal={arXiv preprint arXiv:1807.09155},
  year={2018}
}

@article{ray2021variational,
  title={Variational Bayes for high-dimensional linear regression with sparse priors},
  author={Ray, Kolyan and Szab{\'o}, Botond},
  journal={Journal of the American Statistical Association},
  pages={1--12},
  year={2021},
  publisher={Taylor \& Francis}
}

@article{ni2019bayesian,
  title={Bayesian {G}raphical {R}egression},
  author={Ni, Yang and Stingo, Francesco C and Baladandayuthapani, Veerabhadran},
  journal={Journal of the American Statistical Association},
  volume={114},
  number={525},
  pages={184--197},
  year={2019},
  publisher={Taylor \& Francis}
}

@article{laforgia2010some,
  title={Some inequalities for modified Bessel functions},
  author={Laforgia, Andrea and Natalini, Pierpaolo},
  journal={Journal of Inequalities and Applications},
  volume={2010},
  pages={1--10},
  year={2010},
  publisher={Springer}
}

@article{dellaportas2002bayesian,
  title={On Bayesian model and variable selection using MCMC},
  author={Dellaportas, Petros and Forster, Jonathan J and Ntzoufras, Ioannis},
  journal={Statistics and Computing},
  volume={12},
  number={1},
  pages={27--36},
  year={2002},
  publisher={Springer}
}

@article{titsias2011spike,
  title={Spike and slab variational inference for multi-task and multiple kernel learning},
  author={Titsias, Michalis and L{\'a}zaro-Gredilla, Miguel},
  journal={Advances in neural information processing systems},
  volume={24},
  year={2011}
}

@article{velten2021adaptive,
  title={Adaptive penalization in high-dimensional regression and classification with intrinsic factors using variational Bayes},
  author={Velten, Britta and Huber, Wolfgang},
  journal={Biostatistics},
  volume={22},
  number={2},
  pages={348--364},
  year={2021},
  publisher={Oxford University Press}
}

@book{bishop2006pattern,
  title={Pattern recognition and machine learning},
  author={Bishop, Christopher M and Nasrabadi, Nasser M},
  volume={4},
  year={2006},
  publisher={Springer}
}

@article{carbonetto2012scalable,
  title={Scalable variational inference for Bayesian variable selection in regression, and its accuracy in genetic association studies},
  author={Carbonetto, Peter and Stephens, Matthew},
  journal={Bayesian analysis},
  volume={7},
  number={1},
  pages={73--108},
  year={2012},
  publisher={International Society for Bayesian Analysis}
}

@article{ormerod2010explaining,
  title={Explaining variational approximations},
  author={Ormerod, John T and Wand, Matt P},
  journal={The American Statistician},
  volume={64},
  number={2},
  pages={140--153},
  year={2010},
  publisher={Taylor \& Francis}
}

@article{blei2017variational,
  title={Variational inference: A review for statisticians},
  author={Blei, David M and Kucukelbir, Alp and McAuliffe, Jon D},
  journal={Journal of the American statistical Association},
  volume={112},
  number={518},
  pages={859--877},
  year={2017},
  publisher={Taylor \& Francis}
}

@article{hastings1970monte,
  title={Monte Carlo sampling methods using Markov chains and their applications},
  author={Hastings, W Keith},
  year={1970},
  publisher={Oxford University Press}
}

@article{gelfand1990sampling,
  title={Sampling-based approaches to calculating marginal densities},
  author={Gelfand, Alan E and Smith, Adrian FM},
  journal={Journal of the American statistical association},
  volume={85},
  number={410},
  pages={398--409},
  year={1990},
  publisher={Taylor \& Francis}
}

@article{meinshausen2010stability,
  title={Stability selection},
  author={Meinshausen, Nicolai and B{\"u}hlmann, Peter},
  journal={Journal of the Royal Statistical Society: Series B (Statistical Methodology)},
  volume={72},
  number={4},
  pages={417--473},
  year={2010},
  publisher={Wiley Online Library}
}

@article{mitchell1988bayesian,
  title={Bayesian variable selection in linear regression},
  author={Mitchell, Toby J and Beauchamp, John J},
  journal={Journal of the american statistical association},
  volume={83},
  number={404},
  pages={1023--1032},
  year={1988},
  publisher={Taylor \& Francis}
}

@article{george1993variable,
  title={Variable selection via Gibbs sampling},
  author={George, Edward I and McCulloch, Robert E},
  journal={Journal of the American Statistical Association},
  volume={88},
  number={423},
  pages={881--889},
  year={1993},
  publisher={Taylor \& Francis}
}

@incollection{mackay1996bayesian,
  title={Bayesian methods for backpropagation networks},
  author={MacKay, David JC},
  booktitle={Models of neural networks III},
  pages={211--254},
  year={1996},
  publisher={Springer}
}

@article{hastie1993varying,
  title={Varying-coefficient models},
  author={Hastie, Trevor and Tibshirani, Robert},
  journal={Journal of the Royal Statistical Society: Series B (Methodological)},
  volume={55},
  number={4},
  pages={757--779},
  year={1993},
  publisher={Wiley Online Library}
}

@article{brown2010inference,
  title={Inference with normal-gamma prior distributions in regression problems},
  author={Brown, Philip J and Griffin, Jim E},
  journal={Bayesian analysis},
  volume={5},
  number={1},
  pages={171--188},
  year={2010},
  publisher={International Society for Bayesian Analysis}
}

@article{storey2003positive,
  title={The positive false discovery rate: a Bayesian interpretation and the q-value},
  author={Storey, John D},
  journal={The Annals of Statistics},
  volume={31},
  number={6},
  pages={2013--2035},
  year={2003},
  publisher={Institute of Mathematical Statistics}
}

@article{ji2007bayesian,
  title={Bayesian mixture models for complex high dimensional count data in phage display experiments},
  author={Ji, Yuan and Yin, Guosheng and Tsui, Kam-Wah and Kolonin, Mikhail G and Sun, Jessica and Arap, Wadih and Pasqualini, Renata and Do, Kim-Anh},
  journal={Journal of the Royal Statistical Society: Series C (Applied Statistics)},
  volume={56},
  number={2},
  pages={139--152},
  year={2007},
  publisher={Wiley Online Library}
}

@article{baladandayuthapani2010bayesian,
  title={Bayesian random segmentation models to identify shared copy number aberrations for array CGH data},
  author={Baladandayuthapani, Veerabhadran and Ji, Yuan and Talluri, Rajesh and Nieto-Barajas, Luis E and Morris, Jeffrey S},
  journal={Journal of the american statistical association},
  volume={105},
  number={492},
  pages={1358--1375},
  year={2010},
  publisher={Taylor \& Francis}
}

@article{morris2008bayesian,
  title={Bayesian analysis of mass spectrometry proteomic data using wavelet-based functional mixed models},
  author={Morris, Jeffrey S and Brown, Philip J and Herrick, Richard C and Baggerly, Keith A and Coombes, Kevin R},
  journal={Biometrics},
  volume={64},
  number={2},
  pages={479--489},
  year={2008},
  publisher={Wiley Online Library}
}

@article{matthews1975comparison,
  title={Comparison of the predicted and observed secondary structure of T4 phage lysozyme},
  author={Matthews, Brian W},
  journal={Biochimica et Biophysica Acta (BBA)-Protein Structure},
  volume={405},
  number={2},
  pages={442--451},
  year={1975},
  publisher={Elsevier}
}

@article{mohammadi2015bayesian,
  title={Bayesian structure learning in sparse Gaussian graphical models},
  author={Mohammadi, Abdolreza and Wit, Ernst C},
  journal={Bayesian Analysis},
  volume={10},
  number={1},
  pages={109--138},
  year={2015},
  publisher={International Society for Bayesian Analysis}
}


@article{liu2010graph,
  title={Graph-valued regression},
  author={Liu, Han and Chen, Xi and Wasserman, Larry and Lafferty, John},
  journal={Advances in Neural Information Processing Systems},
  volume={23},
  year={2010}
}

@article{saegusa2016joint,
  title={Joint estimation of precision matrices in heterogeneous populations},
  author={Saegusa, Takumi and Shojaie, Ali},
  journal={Electronic journal of statistics},
  volume={10},
  number={1},
  pages={1341},
  year={2016},
  publisher={NIH Public Access}
}

@article{kolar2010sparse,
  title={On sparse nonparametric conditional covariance selection},
  author={Kolar, Mladen and P Parikh, Ankur and P Xing, Eric},
  year={2010},
  publisher={Carnegie Mellon University}
}

@article{cheng2014sparse,
  title={A sparse Ising model with covariates},
  author={Cheng, Jie and Levina, Elizaveta and Wang, Pei and Zhu, Ji},
  journal={Biometrics},
  volume={70},
  number={4},
  pages={943--953},
  year={2014},
  publisher={Wiley Online Library}
}



@article{ni2021bayesian,
  title={Bayesian graphical models for modern biological applications},
  author={Ni, Yang and Baladandayuthapani, Veerabhadran and Vannucci, Marina and Stingo, Francesco C},
  journal={Statistical Methods \& Applications},
  pages={1--29},
  year={2021},
  publisher={Springer}
}

@article{zhang2022high,
  title={High-Dimensional Gaussian Graphical Regression Models with Covariates},
  author={Zhang, Jingfei and Li, Yi},
  journal={Journal of the American Statistical Association},
  pages={1--13},
  year={2022},
  publisher={Taylor \& Francis}
}


@article{ni2022bayesian,
  title={Bayesian Covariate-Dependent Gaussian Graphical Models with Varying Structure},
  author={Ni, Yang and Stingo, Francesco C and Baladandayuthapani, Veerabhadran},
  journal={Journal of Machine Learning Research},
  volume={23},
  number={242},
  pages={1--29},
  year={2022}
}

@article{liu2010stability,
  title={Stability approach to regularization selection (stars) for high dimensional graphical models},
  author={Liu, Han and Roeder, Kathryn and Wasserman, Larry},
  journal={Advances in neural information processing systems},
  volume={23},
  year={2010}
}


@article{howlader2021seer,
  title={SEER cancer statistics review, 1975--2018},
  author={Howlader, N and Noone, AM and Krapcho, M and Miller, D and Brest, A and Yu, M and Ruhl, J and Tatalovich, Z and Mariotto, A and Lewis, DR and others},
  journal={National Cancer Institute},
  year={2021}
}

@article{lawson2009cancer,
  title={Cancer stem cells in breast cancer and metastasis},
  author={Lawson, Jessica C and Blatch, Gregory L and Edkins, Adrienne L},
  journal={Breast cancer research and treatment},
  volume={118},
  number={2},
  pages={241--254},
  year={2009},
  publisher={Springer}
}


@article{cancer2012comprehensive,
  title={Comprehensive molecular portraits of human breast tumours},
  author={Koboldt, Daniel C. and Fulton, Robert S. and McLellan, Michael D. and Schmidt, Heather and Kalicki-Veizer, Joelle and McMichael, Joshua F. and Fulton, Lucinda L. and Dooling, David J. and Ding, Li and Mardis, Elaine R. and Wilson, Richard K. and Ally, Adrian and Balasundaram, Miruna and Butterfield, Yaron S. N. and Carlsen, Rebecca and Carter, Candace and Chu, Andy and Chuah, Eric and Chun, Hye-Jung E. and Coope, Robin J. N. and Dhalla, Noreen and Guin, Ranabir and Hirst, Carrie and Hirst, Martin and Holt, Robert A. and Lee, Darlene and Li, Haiyan I. and Mayo, Michael and Moore, Richard A. and Mungall, Andrew J. and Pleasance, Erin and Gordon Robertson, A. and Schein, Jacqueline E. and Shafiei, Arash and Sipahimalani, Payal and Slobodan, Jared R. and Stoll, Dominik and Tam, Angela and Thiessen, Nina and Varhol, Richard J. and Wye, Natasja and Zeng, Thomas and Zhao, Yongjun and Birol, Inanc and Jones, Steven J. M. and Marra, Marco A. and Cherniack, Andrew D. and Saksena, Gordon and Onofrio, Robert C. and Pho, Nam H. and Carter, Scott L. and Schumacher, Steven E. and Tabak, Barbara and Hernandez, Bryan and Gentry, Jeff and Nguyen, Huy and Crenshaw, Andrew and Ardlie, Kristin and Beroukhim, Rameen and Winckler, Wendy and Getz, Gad and Gabriel, Stacey B. and Meyerson, Matthew and Chin, Lynda and Park, Peter J. and Kucherlapati, Raju and Hoadley, Katherine A. and Todd Auman, J. and Fan, Cheng and Turman, Yidi J. and Shi, Yan and Li, Ling and Topal, Michael D. and He, Xiaping and Chao, Hann-Hsiang and Prat, Aleix and Silva, Grace O. and Iglesia, Michael D. and Zhao, Wei and Usary, Jerry and Berg, Jonathan S. and Adams, Michael and Booker, Jessica and Wu, Junyuan and Gulabani, Anisha and Bodenheimer, Tom and Hoyle, Alan P. and Simons, Janae V. and Soloway, Matthew G. and Mose, Lisle E. and Jefferys, Stuart R. and Balu, Saianand and Parker, Joel S. and Neil Hayes, D. and Perou, Charles M. and Malik, Simeen and Mahurkar, Swapna and Shen, Hui and Weisenberger, Daniel J. and Triche Jr, Timothy and Lai, Phillip H. and Bootwalla, Moiz S. and Maglinte, Dennis T. and Berman, Benjamin P. and Van Den Berg, David J. and Baylin, Stephen B. and Laird, Peter W. and Creighton, Chad J. and Donehower, Lawrence A. and Noble, Michael and Voet, Doug and Gehlenborg, Nils and DiCara, Daniel and Zhang, Juinhua and Zhang, Hailei and Wu, Chang-Jiun and Yingchun Liu, Spring and Lawrence, Michael S. and Zou, Lihua and Sivachenko, Andrey and Lin, Pei and Stojanov, Petar and Jing, Rui and Cho, Juok and Sinha, Raktim and Park, Richard W. and Nazaire, Marc-Danie and Robinson, Jim and Thorvaldsdottir, Helga and Mesirov, Jill and Park, Peter J. and Reynolds, Sheila and Kreisberg, Richard B. and Bernard, Brady and Bressler, Ryan and Erkkila, Timo and Lin, Jake and Thorsson, Vesteinn and Zhang, Wei and Shmulevich, Ilya and Ciriello, Giovanni and Weinhold, Nils and Schultz, Nikolaus and Gao, Jianjiong and Cerami, Ethan and Gross, Benjamin and Jacobsen, Anders and Sinha, Rileen and Arman Aksoy, B. and Antipin, Yevgeniy and Reva, Boris and Shen, Ronglai and Taylor, Barry S. and Ladanyi, Marc and Sander, Chris and Anur, Pavana and Spellman, Paul T. and Lu, Yiling and Liu, Wenbin and Verhaak, Roel R. G. and Mills, Gordon B. and Akbani, Rehan and Zhang, Nianxiang and Broom, Bradley M. and Casasent, Tod D. and Wakefield, Chris and Unruh, Anna K. and Baggerly, Keith and Coombes, Kevin and Weinstein, John N. and Haussler, David and Benz, Christopher C. and Stuart, Joshua M. and Benz, Stephen C. and Zhu, Jingchun and Szeto, Christopher C. and Scott, Gary K. and Yau, Christina and Paull, Evan O. and Carlin, Daniel and Wong, Christopher and Sokolov, Artem and Thusberg, Janita and Mooney, Sean and Ng, Sam and Goldstein, Theodore C. and Ellrott, Kyle and Grifford, Mia and Wilks, Christopher and Ma, Singer and Craft, Brian and Yan, Chunhua and Hu, Ying and Meerzaman, Daoud and Gastier-Foster, Julie M. and Bowen, Jay and Ramirez, Nilsa C. and Black, Aaron D. and Pyatt, Robert E. and White, Peter and Zmuda, Erik J. and Frick, Jessica and Lichtenberg, Tara M. and Brookens, Robin and George, Myra M. and Gerken, Mark A. and Harper, Hollie A. and Leraas, Kristen M. and Wise, Lisa J. and Tabler, Teresa R. and McAllister, Cynthia and Barr, Thomas and Hart-Kothari, Melissa and Tarvin, Katie and Saller, Charles and Sandusky, George and Mitchell, Colleen and Iacocca, Mary V. and Brown, Jennifer and Rabeno, Brenda and Czerwinski, Christine and Petrelli, Nicholas and Dolzhansky, Oleg and Abramov, Mikhail and Voronina, Olga and Potapova, Olga and Marks, Jeffrey R. and Suchorska, Wiktoria M. and Murawa, Dawid and Kycler, Witold and Ibbs, Matthew and Korski, Konstanty and Spychała, Arkadiusz and Murawa, Paweł and Brzeziński, Jacek J. and Perz, Hanna and Łaźniak, Radosław and Teresiak, Marek and Tatka, Honorata and Leporowska, Ewa and Bogusz-Czerniewicz, Marta and Malicki, Julian and Mackiewicz, Andrzej and Wiznerowicz, Maciej and Van Le, Xuan and Kohl, Bernard and Viet Tien, Nguyen and Thorp, Richard and Van Bang, Nguyen and Sussman, Howard and Duc Phu, Bui and Hajek, Richard and Phi Hung, Nguyen and Viet The Phuong, Tran and Quyet Thang, Huynh and Zaki Khan, Khurram and Penny, Robert and Mallery, David and Curley, Erin and Shelton, Candace and Yena, Peggy and Ingle, James N. and Couch, Fergus J. and Lingle, Wilma L. and King, Tari A. and Maria Gonzalez-Angulo, Ana and Mills, Gordon B. and Dyer, Mary D. and Liu, Shuying and Meng, Xiaolong and Patangan, Modesto and The Cancer Genome Atlas Network and Genome sequencing centres: Washington University in St Louis and Genome characterization centres: BC Cancer Agency and Broad Institute and Brigham \& Women’s Hospital \& Harvard Medical School and University of North Carolina, Chapel Hill and University of Southern California/Johns Hopkins and Genome data analysis: Baylor College of Medicine and Institute for Systems Biology and Memorial Sloan-Kettering Cancer Center and Oregon Health \& Science University and The University of Texas MD Anderson Cancer Center and University of California, Santa Cruz/Buck Institute and NCI and Biospecimen core resource: Nationwide Children’s Hospital Biospecimen Core Resource and Tissue source sites: ABS-IUPUI and Christiana and Cureline and Duke University Medical Center and The Greater Poland Cancer Centre and ILSBio and International Genomics Consortium and Mayo Clinic and MSKCC and MD Anderson Cancer Center},
  journal={Nature},
  volume={490},
  number={7418},
  pages={61--70},
  year={2012},
  publisher={Nature Publishing Group UK London}
}

@article{prat2014based,
  title={based PAM50 subtype predictor identifies higher responses and improved survival outcomes in HER2-positive breast cancer in the NOAH study},
  author={Prat, Aleix and Bianchini, Giampaolo and Thomas, Marlene and Belousov, Anton and Cheang, Maggie CU and Koehler, Astrid and G{\'o}mez, Patricia and Semiglazov, Vladimir and Eiermann, Wolfgang and Tjulandin, Sergei and others},
  journal={Clinical Cancer Research},
  volume={20},
  number={2},
  pages={511--521},
  year={2014},
  publisher={AACR}
}

@article{weinstein2013cancer,
  title={The cancer genome atlas pan-cancer analysis project},
  author={Weinstein, John N and Collisson, Eric A and Mills, Gordon B and Shaw, Kenna R and Ozenberger, Brad A and Ellrott, Kyle and Shmulevich, Ilya and Sander, Chris and Stuart, Joshua M},
  journal={Nature genetics},
  volume={45},
  number={10},
  pages={1113--1120},
  year={2013},
  publisher={Nature Publishing Group}
}

@article{li2013tcpa,
  title={TCPA: a resource for cancer functional proteomics data},
  author={Li, Jun and Lu, Yiling and Akbani, Rehan and Ju, Zhenlin and Roebuck, Paul L and Liu, Wenbin and Yang, Ji-Yeon and Broom, Bradley M and Verhaak, Roeland GW and Kane, David W and others},
  journal={Nature methods},
  volume={10},
  number={11},
  pages={1046--1047},
  year={2013},
  publisher={Nature Publishing Group}
}

@article{nielsen2010comparison,
  title={A Comparison of PAM50 Intrinsic Subtyping with Immunohistochemistry and Clinical Prognostic Factors in Tamoxifen-Treated Estrogen Receptor--Positive Breast CancerPAM50 in ER-Positive Breast Cancer},
  author={Nielsen, Torsten O and Parker, Joel S and Leung, Samuel and Voduc, David and Ebbert, Mark and Vickery, Tammi and Davies, Sherri R and Snider, Jacqueline and Stijleman, Inge J and Reed, Jerry and others},
  journal={Clinical cancer research},
  volume={16},
  number={21},
  pages={5222--5232},
  year={2010},
  publisher={AACR}
}


@article{akbani2014pan,
  title={A pan-cancer proteomic perspective on The Cancer Genome Atlas},
  author={Akbani, Rehan and Ng, Patrick Kwok Shing and Werner, Henrica MJ and Shahmoradgoli, Maria and Zhang, Fan and Ju, Zhenlin and Liu, Wenbin and Yang, Ji-Yeon and Yoshihara, Kosuke and Li, Jun and others},
  journal={Nature communications},
  volume={5},
  number={1},
  pages={1--15},
  year={2014},
  publisher={Nature Publishing Group}
}

@article{malta2018machine,
  title={Machine learning identifies stemness features associated with oncogenic dedifferentiation},
  author={Malta, Tathiane M and Sokolov, Artem and Gentles, Andrew J and Burzykowski, Tomasz and Poisson, Laila and Weinstein, John N and Kami{\'n}ska, Bo{\.z}ena and Huelsken, Joerg and Omberg, Larsson and Gevaert, Olivier and others},
  journal={Cell},
  volume={173},
  number={2},
  pages={338--354},
  year={2018},
  publisher={Elsevier}
}

@article{rakha2010breast,
  title={Breast cancer prognostic classification in the molecular era: the role of histological grade},
  author={Rakha, Emad A and Reis-Filho, Jorge S and Baehner, Frederick and Dabbs, David J and Decker, Thomas and Eusebi, Vincenzo and Fox, Stephen B and Ichihara, Shu and Jacquemier, Jocelyne and Lakhani, Sunil R and others},
  journal={Breast cancer research},
  volume={12},
  number={4},
  pages={1--12},
  year={2010},
  publisher={BioMed Central}
}

@article{jogi2012cancer,
  title={Cancer cell differentiation heterogeneity and aggressive behavior in solid tumors},
  author={J{\"o}gi, Annika and Vaapil, Marica and Johansson, Martin and P{\aa}hlman, Sven},
  journal={Upsala journal of medical sciences},
  volume={117},
  number={2},
  pages={217--224},
  year={2012},
  publisher={Taylor \& Francis}
}

@article{berger2018comprehensive,
  title={A comprehensive pan-cancer molecular study of gynecologic and breast cancers},
  author={Berger, Ashton C and Korkut, Anil and Kanchi, Rupa S and Hegde, Apurva M and Lenoir, Walter and Liu, Wenbin and Liu, Yuexin and Fan, Huihui and Shen, Hui and Ravikumar, Visweswaran and others},
  journal={Cancer cell},
  volume={33},
  number={4},
  pages={690--705},
  year={2018},
  publisher={Elsevier}
}

@article{mullen2014molecular,
  title={Molecular genetics of M{\"u}llerian duct formation, regression and differentiation},
  author={Mullen, Rachel D and Behringer, Richard R},
  journal={Sexual Development},
  volume={8},
  number={5},
  pages={281--296},
  year={2014},
  publisher={Karger Publishers}
}

@article{hoadley2018cell,
  title={Cell-of-origin patterns dominate the molecular classification of 10,000 tumors from 33 types of cancer},
  author={Hoadley, Katherine A and Yau, Christina and Hinoue, Toshinori and Wolf, Denise M and Lazar, Alexander J and Drill, Esther and Shen, Ronglai and Taylor, Alison M and Cherniack, Andrew D and Thorsson, V{\'e}steinn and others},
  journal={Cell},
  volume={173},
  number={2},
  pages={291--304},
  year={2018},
  publisher={Elsevier}
}


@article{prenzel2001epidermal,
  title={The epidermal growth factor receptor family as a central element for cellular signal transduction and diversification.},
  author={Prenzel, Norbert and Fischer, OM and Streit, S and Hart, S and Ullrich, A},
  journal={Endocrine-related cancer},
  volume={8},
  number={1},
  pages={11--31},
  year={2001},
  publisher={Bioscientifica Ltd}
}

@article{lin2019targeting,
  title={Targeting the Shc-EGFR interaction with indomethacin inhibits MAP kinase pathway signalling},
  author={Lin, Chi-Chuan and Suen, Kin Man and Stainthorp, Amy and Wieteska, Lukasz and Biggs, George S and Leit{\~a}o, Andrei and Montanari, Carlos A and Ladbury, John E},
  journal={Cancer letters},
  volume={457},
  pages={86--97},
  year={2019},
  publisher={Elsevier}
}

@article{biscardi2000tyrosine,
  title={Tyrosine kinase signalling in breast cancer: epidermal growth factor receptor and c-Src interactions in breast cancer},
  author={Biscardi, Jacqueline S and Ishizawar, Rumey C and Silva, Corinne M and Parsons, Sarah J},
  journal={Breast cancer research},
  volume={2},
  number={3},
  pages={1--8},
  year={2000},
  publisher={Springer}
}


@article{miyake2012functional,
  title={Functional interactions between Choline kinase $\alpha$, epidermal growth factor receptor and c-Src in breast cancer cell proliferation},
  author={Miyake, Tsuyoshi and Parsons, Sarah J},
  journal={Oncogene},
  volume={31},
  number={11},
  pages={1431--1441},
  year={2012},
  publisher={Nature Publishing Group}
}

@article{beavon2000cadherin,
  title={The E-cadherin--catenin complex in tumour metastasis: structure, function and regulation},
  author={Beavon, IRG},
  journal={European journal of cancer},
  volume={36},
  number={13},
  pages={1607--1620},
  year={2000},
  publisher={Elsevier}
}

@article{wijnhoven2000cadherin,
  title={E-cadherin—catenin cell—cell adhesion complex and human cancer},
  author={Wijnhoven, BPL and Dinjens, WNM and Pignatelli, M},
  journal={British Journal of Surgery},
  volume={87},
  number={8},
  pages={992--1005},
  year={2000},
  publisher={Wiley Online Library}
}

@article{lam2004chk1,
  title={Chk1 is haploinsufficient for multiple functions critical to tumor suppression},
  author={Lam, Michael H and Liu, Qinghua and Elledge, Stephen J and Rosen, Jeffrey M},
  journal={Cancer cell},
  volume={6},
  number={1},
  pages={45--59},
  year={2004},
  publisher={Elsevier}
}

@article{hare2017mtor,
  title={mTOR function and therapeutic targeting in breast cancer},
  author={Hare, Stephen H and Harvey, Amanda J},
  journal={American journal of cancer research},
  volume={7},
  number={3},
  pages={383},
  year={2017},
  publisher={e-Century Publishing Corporation}
}

@article{kong2011src,
  title={Src family kinase inhibitor PP2 efficiently inhibits cervical cancer cell proliferation through down-regulating phospho-Src-Y416 and phospho-EGFR-Y1173},
  author={Kong, Lu and Deng, Zhihong and Shen, Haiying and Zhang, Yuxiang},
  journal={Molecular and cellular biochemistry},
  volume={348},
  number={1},
  pages={11--19},
  year={2011},
  publisher={Springer}
}

@article{yang2018dietary,
  title={Dietary oleic acid-induced CD36 promotes cervical cancer cell growth and metastasis via up-regulation Src/ERK pathway},
  author={Yang, Ping and Su, Chunxiao and Luo, Xuan and Zeng, Han and Zhao, Lei and Wei, Li and Zhang, Xiaoyu and Varghese, Zac and Moorhead, John F and Chen, Yaxi and others},
  journal={Cancer letters},
  volume={438},
  pages={76--85},
  year={2018},
  publisher={Elsevier}
}

@article{peterson2012ctrp1,
  title={CTRP1 protein enhances fatty acid oxidation via AMP-activated protein kinase (AMPK) activation and acetyl-CoA carboxylase (ACC) inhibition},
  author={Peterson, Jonathan M and Aja, Susan and Wei, Zhikui and Wong, G William},
  journal={Journal of Biological Chemistry},
  volume={287},
  number={2},
  pages={1576--1587},
  year={2012},
  publisher={ASBMB}
}

@article{yung2013activation,
  title={Activation of AMPK inhibits cervical cancer cell growth through AKT/FOXO3a/FOXM1 signaling cascade},
  author={Yung, Mingo Ming Ho and Chan, David Wai and Liu, Vincent Wing Sun and Yao, Kwok-Ming and Ngan, Hextan Yuen-Sheung},
  journal={BMC cancer},
  volume={13},
  number={1},
  pages={1--8},
  year={2013},
  publisher={BioMed Central}
}

@article{voutsadakis2016hormone,
  title={Hormone receptors in serous ovarian carcinoma: prognosis, pathogenesis, and treatment considerations},
  author={Voutsadakis, Ioannis A},
  journal={Clinical Medicine Insights: Oncology},
  volume={10},
  pages={CMO--S32813},
  year={2016},
  publisher={SAGE Publications Sage UK: London, England}
}



@article{han2018critical,
  title={The critical role of AMPK in driving Akt activation under stress, tumorigenesis and drug resistance},
  author={Han, Fei and Li, Chien-Feng and Cai, Zhen and Zhang, Xian and Jin, Guoxiang and Zhang, Wei-Na and Xu, Chuan and Wang, Chi-Yun and Morrow, John and Zhang, Shuxing and others},
  journal={Nature communications},
  volume={9},
  number={1},
  pages={1--16},
  year={2018},
  publisher={Nature Publishing Group}
}

@article{kim2003gbetal,
  title={G$\beta$L, a positive regulator of the rapamycin-sensitive pathway required for the nutrient-sensitive interaction between raptor and mTOR},
  author={Kim, Do-Hyung and Sarbassov, Dos D and Ali, Siraj M and Latek, Robert R and Guntur, Kalyani VP and Erdjument-Bromage, Hediye and Tempst, Paul and Sabatini, David M},
  journal={Molecular cell},
  volume={11},
  number={4},
  pages={895--904},
  year={2003},
  publisher={Elsevier}
}

@article{kim2004raptor,
  title={Raptor and mTOR: subunits of a nutrient-sensitive complex},
  author={Kim, Do-Hyung and Sabatini, DM},
  journal={TOR},
  pages={259--270},
  year={2004},
  publisher={Springer}
}

@article{olaussen2006dna,
  title={DNA repair by ERCC1 in non--small-cell lung cancer and cisplatin-based adjuvant chemotherapy},
  author={Olaussen, Ken A and Dunant, Ariane and Fouret, Pierre and Brambilla, Elisabeth and Andr{\'e}, Fabrice and Haddad, Vincent and Taranchon, Estelle and Filipits, Martin and Pirker, Robert and Popper, Helmut H and others},
  journal={New England Journal of Medicine},
  volume={355},
  number={10},
  pages={983--991},
  year={2006},
  publisher={Mass Medical Soc}
}

@article{kim2011expression,
  title={The expression of ERCC1, RRM1, and BRCA1 in breast cancer according to the immunohistochemical phenotypes},
  author={Kim, Dokyung and Jung, Woohee and Koo, Ja Seung},
  journal={Journal of Korean medical science},
  volume={26},
  number={3},
  pages={352--359},
  year={2011},
  publisher={The Korean Academy of Medical Sciences}
}

@article{gerhard2013clinicopathological,
  title={Clinicopathological significance of ERCC1 expression in breast cancer},
  author={Gerhard, Ren{\^e} and Carvalho, Ana and Carneiro, V{\'\i}tor and San Bento, Rui and Uemura, Gilberto and Gomes, Madalena and Albergaria, Andr{\'e} and Schmitt, Fernando},
  journal={Pathology-Research and Practice},
  volume={209},
  number={6},
  pages={331--336},
  year={2013},
  publisher={Elsevier}
}

@article{guo2013novel,
  title={Novel insight into the role of GAPDH playing in tumor},
  author={Guo, Chunmei and Liu, Shuqing and Sun, Ming-Zhong},
  journal={Clinical and Translational Oncology},
  volume={15},
  number={3},
  pages={167--172},
  year={2013},
  publisher={Springer}
}


@article{staahl2016visualization,
  title={Visualization and analysis of gene expression in tissue sections by spatial transcriptomics},
  author={St{\aa}hl, Patrik L and Salm{\'e}n, Fredrik and Vickovic, Sanja and Lundmark, Anna and Navarro, Jos{\'e} Fern{\'a}ndez and Magnusson, Jens and Giacomello, Stefania and Asp, Michaela and Westholm, Jakub O and Huss, Mikael and others},
  journal={Science},
  volume={353},
  number={6294},
  pages={78--82},
  year={2016},
  publisher={American Association for the Advancement of Science}
}

@article{sun2020statistical,
  title={Statistical analysis of spatial expression patterns for spatially resolved transcriptomic studies},
  author={Sun, Shiquan and Zhu, Jiaqiang and Zhou, Xiang},
  journal={Nature methods},
  volume={17},
  number={2},
  pages={193--200},
  year={2020},
  publisher={Nature Publishing Group}
}

@article{sun2019heritability,
  title={Heritability estimation and differential analysis of count data with generalized linear mixed models in genomic sequencing studies},
  author={Sun, Shiquan and Zhu, Jiaqiang and Mozaffari, Sahar and Ober, Carole and Chen, Mengjie and Zhou, Xiang},
  journal={Bioinformatics},
  volume={35},
  number={3},
  pages={487--496},
  year={2019},
  publisher={Oxford University Press}
}

@article{noblejas2019expression,
  title={Expression of MHC class I, HLA-A and HLA-B identifies immune-activated breast tumors with favorable outcome},
  author={Noblejas-L{\'o}pez, Mar{\'\i}a del Mar and Nieto-Jim{\'e}nez, Cristina and Morcillo Garcia, Sara and P{\'e}rez-Pe{\~n}a, Javier and Nuncia-Cantarero, Miriam and Andr{\'e}s-Pretel, Fernando and Gal{\'a}n-Moya, Eva M and Amir, Eitan and Pandiella, Atanasio and Gy{\H{o}}rffy, Bal{\'a}zs and others},
  journal={Oncoimmunology},
  volume={8},
  number={10},
  pages={e1629780},
  year={2019},
  publisher={Taylor \& Francis}
}

@inproceedings{concha1991tumor,
  title={Tumor aggressiveness and MHC class I and II antigens in laryngeal and breast cancer.},
  author={Concha, A and Esteban, F and Cabrera, T and Ruiz-Cabello, F and Garrido, F},
  booktitle={Seminars in cancer biology},
  volume={2},
  number={1},
  pages={47--54},
  year={1991}
}

@article{xue2019sox9,
  title={SOX9/FXYD3/Src Axis Is Critical for ER+ Breast Cancer Stem Cell FunctionFXYD3 Is Critical for Breast Cancer Stem Cells},
  author={Xue, Yue and Lai, Lihua and Lian, Wenwen and Tu, Xintao and Zhou, Jiaojiao and Dong, Ping and Su, Dan and Wang, Xiaojia and Cao, Xuetao and Chen, Yiding and others},
  journal={Molecular Cancer Research},
  volume={17},
  number={1},
  pages={238--249},
  year={2019},
  publisher={AACR}
}

@article{selleck2013guanylate,
  title={Guanylate-binding protein 1 (Gbp1) contributes to cell-autonomous immunity against Toxoplasma gondii},
  author={Selleck, Elizabeth M and Fentress, Sarah J and Beatty, Wandy L and Degrandi, Daniel and Pfeffer, Klaus and Virgin IV, Herbert W and MacMicking, John D and Sibley, L David},
  journal={PLoS pathogens},
  volume={9},
  number={4},
  pages={e1003320},
  year={2013},
  publisher={Public Library of Science San Francisco, USA}
}

@article{forster2014guanylate,
  title={Guanylate binding protein 1--mediated interaction of T cell antigen receptor signaling with the cytoskeleton},
  author={Forster, Florian and Paster, Wolfgang and Supper, Verena and Schatzlmaier, Philipp and Sunzenauer, Stefan and Ostler, Nicole and Saliba, Anna and Eckerstorfer, Paul and Britzen-Laurent, Nathalie and Sch{\"u}tz, Gerhard and others},
  journal={The Journal of Immunology},
  volume={192},
  number={2},
  pages={771--781},
  year={2014},
  publisher={Am Assoc Immnol}
}

@article{ascierto2012signature,
  title={A signature of immune function genes associated with recurrence-free survival in breast cancer patients},
  author={Ascierto, Maria Libera and Kmieciak, Maciej and Idowu, Michael O and Manjili, Rose and Zhao, Yingdong and Grimes, Margaret and Dumur, Catherine and Wang, Ena and Ramakrishnan, Viswanathan and Wang, Xiang-Yang and others},
  journal={Breast cancer research and treatment},
  volume={131},
  number={3},
  pages={871--880},
  year={2012},
  publisher={Springer}
}


@article{acharyya2021spacex,
  title={Space{X}: {G}ene {C}o-expression {N}etwork {E}stimation for {S}patial {T}ranscriptomics},
  author={Acharyya, Satwik and Zhou, Xiang and Baladandayuthapani, Veerabhadran},
  journal={bioRxiv},
  year={2021},
  publisher={Cold Spring Harbor Laboratory}
}

@article{tomko2018targeted,
  title={Targeted matrisome analysis identifies thrombospondin-2 and tenascin-C in aligned collagen stroma from invasive breast carcinoma},
  author={Tomko, Lucas A and Hill, Ryan C and Barrett, Alexander and Szulczewski, Joseph M and Conklin, Matthew W and Eliceiri, Kevin W and Keely, Patricia J and Hansen, Kirk C and Ponik, Suzanne M},
  journal={Scientific reports},
  volume={8},
  number={1},
  pages={1--11},
  year={2018},
  publisher={Nature Publishing Group}
}
